<record><leader>00000cas a22000007a 4500</leader><controlfield tag="001">29342571</controlfield><controlfield tag="008">931117d18761876okuuu ne      0    0eng d</controlfield><controlfield tag="009">15907</controlfield><datafield ind1=" " ind2=" " tag="010"><subfield code="a">sn 93066234 </subfield></datafield><datafield ind1=" " ind2=" " tag="040"><subfield code="a">OBN</subfield><subfield code="b">eng</subfield><subfield code="c">OBN</subfield><subfield code="d">OCLCQ</subfield></datafield><datafield ind1="1" ind2=" " tag="029"><subfield code="a">AU@</subfield><subfield code="b">000023598925</subfield></datafield><datafield ind1=" " ind2=" " tag="042"><subfield code="a">msc</subfield></datafield><datafield ind1="0" ind2=" " tag="130"><subfield code="a">New Year's gift (Pawhuska, Okla.)</subfield></datafield><datafield ind1="0" ind2="4" tag="245"><subfield code="a">The New Year's gift.</subfield></datafield><datafield ind1="0" ind2="0" tag="246"><subfield code="a">New Years gift.</subfield></datafield><datafield ind1=" " ind2=" " tag="260"><subfield code="a">Osage Agency, Ind. Ter. [Okla.] :</subfield><subfield code="b">W. McKay Daugan &amp; L.K. McEntyre,</subfield></datafield><datafield ind1=" " ind2=" " tag="300"><subfield code="a">v.</subfield></datafield><datafield ind1=" " ind2=" " tag="310"><subfield code="a">Irregular</subfield></datafield><datafield ind1="0" ind2=" " tag="362"><subfield code="a">[Jan. 1876].</subfield></datafield><datafield ind1=" " ind2=" " tag="500"><subfield code="a">Only one issue published.</subfield></datafield><datafield ind1=" " ind2="4" tag="651"><subfield code="a">Pawhuska (Okla.)</subfield><subfield code="v">Newspapers.</subfield></datafield><datafield ind1=" " ind2="4" tag="651"><subfield code="a">Osage County (Okla.)</subfield><subfield code="v">Newspapers.</subfield></datafield><datafield ind1=" " ind2=" " tag="752"><subfield code="a">United States</subfield><subfield code="b">Oklahoma</subfield><subfield code="c">Osage</subfield><subfield code="d">Pawhuska.</subfield></datafield></record>